@article{DBLP:journals/corr/IoffeS15,
  author    = {Sergey Ioffe and
               Christian Szegedy},
  title     = {Batch Normalization: Accelerating Deep Network Training by Reducing
               Internal Covariate Shift},
  journal   = {CoRR},
  volume    = {abs/1502.03167},
  year      = {2015},
  url       = {http://arxiv.org/abs/1502.03167},
  timestamp = {Mon, 02 Mar 2015 14:17:34 +0100},
  biburl    = {http://dblp.uni-trier.de/rec/bib/journals/corr/IoffeS15},
  bibsource = {dblp computer science bibliography, http://dblp.org}
}

@unpublished{Goodfellow-et-al-2016-Book,
    title={Deep Learning},
    author={Ian Goodfellow, Yoshua Bengio, and Aaron Courville},
    note={Book in preparation for MIT Press},
    url={http://goodfeli.github.io/dlbook/},
    year={2016}
}

@article{Hodosh:2013:FID:2566972.2566993,
 author = {Hodosh, Micah and Young, Peter and Hockenmaier, Julia},
 title = {Framing Image Description As a Ranking Task: Data, Models and Evaluation Metrics},
 journal = {J. Artif. Int. Res.},
 issue_date = {May 2013},
 volume = {47},
 number = {1},
 month = may,
 year = {2013},
 issn = {1076-9757},
 pages = {853--899},
 numpages = {47},
 url = {http://dl.acm.org/citation.cfm?id=2566972.2566993},
 acmid = {2566993},
 publisher = {AI Access Foundation},
 address = {USA}
} 

@incollection{NIPS2012_4824,
title = {ImageNet Classification with Deep Convolutional Neural Networks},
author = {Alex Krizhevsky and Sutskever, Ilya and Geoffrey E. Hinton},
booktitle = {Advances in Neural Information Processing Systems 25},
editor = {F. Pereira and C. J. C. Burges and L. Bottou and K. Q. Weinberger},
pages = {1097--1105},
year = {2012},
publisher = {Curran Associates, Inc.},
url = {http://papers.nips.cc/paper/4824-imagenet-classification-with-deep-convolutional-neural-networks.pdf}
}

@inproceedings{Dao-Duc:2015:MVI:2833258.2833266,
 author = {Dao-Duc, Cuong and Xiaohui, Hua and Mor\`{e}re, Olivier},
 title = {Maritime Vessel Images Classification Using Deep Convolutional Neural Networks},
 booktitle = {Proceedings of the Sixth International Symposium on Information and Communication Technology},
 series = {SoICT 2015},
 year = {2015},
 isbn = {978-1-4503-3843-1},
 location = {Hue City, Viet Nam},
 pages = {276--281},
 numpages = {6},
 url = {http://doi.acm.org/10.1145/2833258.2833266},
 doi = {10.1145/2833258.2833266},
 acmid = {2833266},
 publisher = {ACM},
 address = {New York, NY, USA},
 keywords = {Deep learning, convolutional neural networks, image classification, maritime vessel classification},
} 

@article{Hodosh:2013:FID:2566972.2566993,
 author = {Hodosh, Micah and Young, Peter and Hockenmaier, Julia},
 title = {Framing Image Description As a Ranking Task: Data, Models and Evaluation Metrics},
 journal = {J. Artif. Int. Res.},
 issue_date = {May 2013},
 volume = {47},
 number = {1},
 month = may,
 year = {2013},
 issn = {1076-9757},
 pages = {853--899},
 numpages = {47},
 url = {http://dl.acm.org/citation.cfm?id=2566972.2566993},
 acmid = {2566993},
 publisher = {AI Access Foundation},
 address = {USA}
}

@article{DBLP:journals/tacl/YoungLHH14,
  author    = {Peter Young and
               Alice Lai and
               Micah Hodosh and
               Julia Hockenmaier},
  title     = {From image descriptions to visual denotations: New similarity metrics
               for semantic inference over event descriptions},
  journal   = {{TACL}},
  volume    = {2},
  pages     = {67--78},
  year      = {2014},
  url       = {https://tacl2013.cs.columbia.edu/ojs/index.php/tacl/article/view/229},
  timestamp = {Thu, 28 May 2015 17:23:25 +0200},
  biburl    = {http://dblp.uni-trier.de/rec/bib/journals/tacl/YoungLHH14},
  bibsource = {dblp computer science bibliography, http://dblp.org}
}

@article{DBLP:journals/corr/LinMBHPRDZ14,
  author    = {Tsung{-}Yi Lin and
               Michael Maire and
               Serge J. Belongie and
               Lubomir D. Bourdev and
               Ross B. Girshick and
               James Hays and
               Pietro Perona and
               Deva Ramanan and
               Piotr Doll{\'{a}}r and
               C. Lawrence Zitnick},
  title     = {Microsoft {COCO:} Common Objects in Context},
  journal   = {CoRR},
  volume    = {abs/1405.0312},
  year      = {2014},
  url       = {http://arxiv.org/abs/1405.0312},
  timestamp = {Thu, 03 Dec 2015 18:25:35 +0100},
  biburl    = {http://dblp.uni-trier.de/rec/bib/journals/corr/LinMBHPRDZ14},
  bibsource = {dblp computer science bibliography, http://dblp.org}
}

@article{Hochreiter:1997:LSM:1246443.1246450,
 author = {Hochreiter, Sepp and Schmidhuber, J\"{u}rgen},
 title = {Long Short-Term Memory},
 journal = {Neural Comput.},
 issue_date = {November 15, 1997},
 volume = {9},
 number = {8},
 month = nov,
 year = {1997},
 issn = {0899-7667},
 pages = {1735--1780},
 numpages = {46},
 url = {http://dx.doi.org/10.1162/neco.1997.9.8.1735},
 doi = {10.1162/neco.1997.9.8.1735},
 acmid = {1246450},
 publisher = {MIT Press},
 address = {Cambridge, MA, USA},
} 

@article{DBLP:journals/corr/Lipton15,
  author    = {Zachary Chase Lipton, John Berkowitz, Charles Elkan},
  title     = {A Critical Review of Recurrent Neural Networks for Sequence Learning},
  journal   = {CoRR},
  volume    = {abs/1506.00019},
  year      = {2015},
  url       = {http://arxiv.org/abs/1506.00019},
  timestamp = {Wed, 01 Jul 2015 15:10:24 +0200},
  biburl    = {http://dblp.uni-trier.de/rec/bib/journals/corr/Lipton15},
  bibsource = {dblp computer science bibliography, http://dblp.org}
}

@INPROCEEDINGS{Collobert_NIPSWORKSHOP_2011,
  author      = {Collobert, Ronan and Kavukcuoglu, Koray and Farabet, Cl{\'{e}}ment},
  projects    = {Idiap},
  title       = {Torch7: A Matlab-like Environment for Machine Learning},
  booktitle   = {BigLearn, NIPS Workshop},
  year        = {2011},
  pdf         = {http://publications.idiap.ch/downloads/papers/2011/Collobert_NIPSWORKSHOP_2011.pdf}
}

@article{DBLP:journals/corr/KingmaB14,
  author    = {Diederik P. Kingma and
               Jimmy Ba},
  title     = {Adam: {A} Method for Stochastic Optimization},
  journal   = {CoRR},
  volume    = {abs/1412.6980},
  year      = {2014},
  url       = {http://arxiv.org/abs/1412.6980},
  timestamp = {Thu, 01 Jan 2015 19:51:08 +0100},
  biburl    = {http://dblp.uni-trier.de/rec/bib/journals/corr/KingmaB14},
  bibsource = {dblp computer science bibliography, http://dblp.org}
}

% Optional fields: author, title, howpublished, month, year, note
% For "non-academic" reference sources
@MISC{MLOxford,
  author = {Nando de Freitas},
  title = {Machine Learning Course (Hilary Term 2014 - 2015)},
  year = {2015},
  url = {https://www.cs.ox.ac.uk/teaching/courses/2014-2015/ml/index.html},
  howpublished = {Course offered at Oxford University with online materials},
  note = {Last access: 30 Mar 2016 02:10 AM},
}

@inproceedings{Papineni:2002:BMA:1073083.1073135,
 author = {Papineni, Kishore and Roukos, Salim and Ward, Todd and Zhu, Wei-Jing},
 title = {BLEU: A Method for Automatic Evaluation of Machine Translation},
 booktitle = {Proceedings of the 40th Annual Meeting on Association for Computational Linguistics},
 series = {ACL '02},
 year = {2002},
 location = {Philadelphia, Pennsylvania},
 pages = {311--318},
 numpages = {8},
 url = {http://dx.doi.org/10.3115/1073083.1073135},
 doi = {10.3115/1073083.1073135},
 acmid = {1073135},
 publisher = {Association for Computational Linguistics},
 address = {Stroudsburg, PA, USA},
} 

@InProceedings{denkowski:lavie:meteor-wmt:2014,
  author    = {Michael Denkowski and Alon Lavie},
  title     = {Meteor Universal: Language Specific Translation Evaluation for Any Target Language},
  booktitle = {Proceedings of the EACL 2014 Workshop on Statistical Machine Translation},
  year      = {2014},
}

@article{DBLP:journals/corr/VedantamZP14a,
  author    = {Ramakrishna Vedantam and
               C. Lawrence Zitnick and
               Devi Parikh},
  title     = {CIDEr: Consensus-based Image Description Evaluation},
  journal   = {CoRR},
  volume    = {abs/1411.5726},
  year      = {2014},
  url       = {http://arxiv.org/abs/1411.5726},
  timestamp = {Mon, 01 Dec 2014 14:32:13 +0100},
  biburl    = {http://dblp.uni-trier.de/rec/bib/journals/corr/VedantamZP14a},
  bibsource = {dblp computer science bibliography, http://dblp.org}
}

@incollection{bottou-tricks-2012,
  author = {Bottou, L\'{e}on},
  title = {Stochastic Gradient Tricks},
  booktitle = {Neural Networks, Tricks of the Trade, Reloaded},
  pages = {430--445},
  editor = {Montavon, Gr\'{e}goire and Orr, Genevieve B. and M\"{u}ller, Klaus-Robert},
  series = {Lecture Notes in Computer Science (LNCS 7700)},
  publisher = {Springer},
  year = {2012},
  url = {http://leon.bottou.org/papers/bottou-tricks-2012},
}

@MISC{Murata98astatistical,
    author = {Noboru Murata},
    title = {A Statistical Study on On-line Learning},
    year = {1998}
}

@article{DBLP:journals/corr/abs-1206-5533,
  author    = {Yoshua Bengio},
  title     = {Practical recommendations for gradient-based training of deep architectures},
  journal   = {CoRR},
  volume    = {abs/1206.5533},
  year      = {2012},
  url       = {http://arxiv.org/abs/1206.5533},
  timestamp = {Wed, 10 Oct 2012 21:28:53 +0200},
  biburl    = {http://dblp.uni-trier.de/rec/bib/journals/corr/abs-1206-5533},
  bibsource = {dblp computer science bibliography, http://dblp.org}
}

@article {lecun-98,
  original =    "orig/lecun-98.ps.gz",
  author =  "LeCun, Y. and Bottou, L. and Bengio, Y. and Haffner, P.",
  title =   "Gradient-Based Learning Applied to Document Recognition",
  journal = "Proceedings of the IEEE",
  month =         "November",
  volume =        "86",
  number =        "11",
  pages =         "2278-2324",
  year =    1998
}

@article{ILSVRC15,
Author = {Olga Russakovsky and Jia Deng and Hao Su and Jonathan Krause and Sanjeev Satheesh and Sean Ma and Zhiheng Huang and Andrej Karpathy and Aditya Khosla and Michael Bernstein and Alexander C. Berg and Li Fei-Fei},
Title = {{ImageNet Large Scale Visual Recognition Challenge}},
Year = {2015},
journal   = {International Journal of Computer Vision (IJCV)},
doi = {10.1007/s11263-015-0816-y},
volume={115},
number={3},
pages={211-252}
}

@Article{Simonyan14c,
    author       = "Simonyan, K. and Zisserman, A.",
    title        = "Very Deep Convolutional Networks for Large-Scale Image Recognition",
    journal      = "CoRR",
    volume       = "abs/1409.1556",
    year         = "2014"
}

@inproceedings{Farhadi:2010:PTS:1888089.1888092,
 author = {Farhadi, Ali and Hejrati, Mohsen and Sadeghi, Mohammad Amin and Young, Peter and Rashtchian, Cyrus and Hockenmaier, Julia and Forsyth, David},
 title = {Every Picture Tells a Story: Generating Sentences from Images},
 booktitle = {Proceedings of the 11th European Conference on Computer Vision: Part IV},
 series = {ECCV'10},
 year = {2010},
 isbn = {3-642-15560-X, 978-3-642-15560-4},
 location = {Heraklion, Crete, Greece},
 pages = {15--29},
 numpages = {15},
 url = {http://dl.acm.org/citation.cfm?id=1888089.1888092},
 acmid = {1888092},
 publisher = {Springer-Verlag},
 address = {Berlin, Heidelberg},
} 

@article{DBLP:journals/corr/KarpathyF14,
  author    = {Andrej Karpathy and
               Fei{-}Fei Li},
  title     = {Deep Visual-Semantic Alignments for Generating Image Descriptions},
  journal   = {CoRR},
  volume    = {abs/1412.2306},
  year      = {2014},
  url       = {http://arxiv.org/abs/1412.2306},
  timestamp = {Mon, 01 Jun 2015 08:26:33 +0200},
  biburl    = {http://dblp.uni-trier.de/rec/bib/journals/corr/KarpathyF14},
  bibsource = {dblp computer science bibliography, http://dblp.org}
}

@article{DBLP:journals/tacl/SocherKLMN14,
  author    = {Richard Socher and
               Andrej Karpathy and
               Quoc V. Le and
               Christopher D. Manning and
               Andrew Y. Ng},
  title     = {Grounded Compositional Semantics for Finding and Describing Images
               with Sentences},
  journal   = {{TACL}},
  volume    = {2},
  pages     = {207--218},
  year      = {2014},
  url       = {https://tacl2013.cs.columbia.edu/ojs/index.php/tacl/article/view/325},
  timestamp = {Thu, 28 May 2015 17:23:25 +0200},
  biburl    = {http://dblp.uni-trier.de/rec/bib/journals/tacl/SocherKLMN14},
  bibsource = {dblp computer science bibliography, http://dblp.org}
}

@inproceedings{Ordonez:2011:im2text,
  Author    = {Vicente Ordonez and Girish Kulkarni and Tamara L. Berg},
  Title     = {Im2Text: Describing Images Using 1 Million Captioned Photographs},
  Booktitle = {Neural Information Processing Systems ({NIPS})},
  Year      = {2011},
}

@article{jia2014caffe,
  Author = {Jia, Yangqing and Shelhamer, Evan and Donahue, Jeff and Karayev, Sergey and Long, Jonathan and Girshick, Ross and Guadarrama, Sergio and Darrell, Trevor},
  Journal = {arXiv preprint arXiv:1408.5093},
  Title = {Caffe: Convolutional Architecture for Fast Feature Embedding},
  Year = {2014}
}

@article{DBLP:journals/corr/LebretPC15,
  author    = {R{\'{e}}mi Lebret and
               Pedro H. O. Pinheiro and
               Ronan Collobert},
  title     = {Phrase-based Image Captioning},
  journal   = {CoRR},
  volume    = {abs/1502.03671},
  year      = {2015},
  url       = {http://arxiv.org/abs/1502.03671},
  timestamp = {Fri, 08 Apr 2016 17:04:42 +0200},
  biburl    = {http://dblp.uni-trier.de/rec/bib/journals/corr/LebretPC15},
  bibsource = {dblp computer science bibliography, http://dblp.org}
}

@article{DBLP:journals/corr/FangGISDDGHMPZZ14,
  author    = {Hao Fang and
               Saurabh Gupta and
               Forrest N. Iandola and
               Rupesh Kumar Srivastava and
               Li Deng and
               Piotr Doll{\'{a}}r and
               Jianfeng Gao and
               Xiaodong He and
               Margaret Mitchell and
               John C. Platt and
               C. Lawrence Zitnick and
               Geoffrey Zweig},
  title     = {From Captions to Visual Concepts and Back},
  journal   = {CoRR},
  volume    = {abs/1411.4952},
  year      = {2014},
  url       = {http://arxiv.org/abs/1411.4952},
  timestamp = {Fri, 08 Apr 2016 17:04:42 +0200},
  biburl    = {http://dblp.uni-trier.de/rec/bib/journals/corr/FangGISDDGHMPZZ14},
  bibsource = {dblp computer science bibliography, http://dblp.org}
}

@article{DBLP:journals/corr/ChenZ14a,
  author    = {Xinlei Chen and
               C. Lawrence Zitnick},
  title     = {Learning a Recurrent Visual Representation for Image Caption Generation},
  journal   = {CoRR},
  volume    = {abs/1411.5654},
  year      = {2014},
  url       = {http://arxiv.org/abs/1411.5654},
  timestamp = {Mon, 01 Dec 2014 14:32:13 +0100},
  biburl    = {http://dblp.uni-trier.de/rec/bib/journals/corr/ChenZ14a},
  bibsource = {dblp computer science bibliography, http://dblp.org}
}

@article{DBLP:journals/corr/GreffSKSS15,
  author    = {Klaus Greff and
               Rupesh Kumar Srivastava and
               Jan Koutn{\'{\i}}k and
               Bas R. Steunebrink and
               J{\"{u}}rgen Schmidhuber},
  title     = {{LSTM:} {A} Search Space Odyssey},
  journal   = {CoRR},
  volume    = {abs/1503.04069},
  year      = {2015},
  url       = {http://arxiv.org/abs/1503.04069},
  timestamp = {Thu, 09 Apr 2015 11:33:20 +0200},
  biburl    = {http://dblp.uni-trier.de/rec/bib/journals/corr/GreffSKSS15},
  bibsource = {dblp computer science bibliography, http://dblp.org}
}

@article{DBLP:journals/corr/DonahueHGRVSD14,
  author    = {Jeff Donahue and
               Lisa Anne Hendricks and
               Sergio Guadarrama and
               Marcus Rohrbach and
               Subhashini Venugopalan and
               Kate Saenko and
               Trevor Darrell},
  title     = {Long-term Recurrent Convolutional Networks for Visual Recognition
               and Description},
  journal   = {CoRR},
  volume    = {abs/1411.4389},
  year      = {2014},
  url       = {http://arxiv.org/abs/1411.4389},
  timestamp = {Mon, 01 Dec 2014 14:32:13 +0100},
  biburl    = {http://dblp.uni-trier.de/rec/bib/journals/corr/DonahueHGRVSD14},
  bibsource = {dblp computer science bibliography, http://dblp.org}
}

@book{Reed:1998:NSS:552600,
 author = {Reed, Russell D. and Marks, Robert J.},
 title = {Neural Smithing: Supervised Learning in Feedforward Artificial Neural Networks},
 year = {1998},
 isbn = {0262181908},
 publisher = {MIT Press},
 address = {Cambridge, MA, USA},
} 

@article{Pan:2010:STL:1850483.1850545,
 author = {Pan, Sinno Jialin and Yang, Qiang},
 title = {A Survey on Transfer Learning},
 journal = {IEEE Trans. on Knowl. and Data Eng.},
 issue_date = {October 2010},
 volume = {22},
 number = {10},
 month = oct,
 year = {2010},
 issn = {1041-4347},
 pages = {1345--1359},
 numpages = {15},
 url = {http://dx.doi.org/10.1109/TKDE.2009.191},
 doi = {10.1109/TKDE.2009.191},
 acmid = {1850545},
 publisher = {IEEE Educational Activities Department},
 address = {Piscataway, NJ, USA},
 keywords = {Transfer learning, Transfer learning, survey, machine learning, data mining., data mining., machine learning, survey},
} 

@article{DBLP:journals/corr/YosinskiCBL14,
  author    = {Jason Yosinski and
               Jeff Clune and
               Yoshua Bengio and
               Hod Lipson},
  title     = {How transferable are features in deep neural networks?},
  journal   = {CoRR},
  volume    = {abs/1411.1792},
  year      = {2014},
  url       = {http://arxiv.org/abs/1411.1792},
  timestamp = {Mon, 01 Dec 2014 14:32:13 +0100},
  biburl    = {http://dblp.uni-trier.de/rec/bib/journals/corr/YosinskiCBL14},
  bibsource = {dblp computer science bibliography, http://dblp.org}
}

﻿@article {INSR:INSR95_18,
author = {Nordhausen, Klaus},
title = {The Elements of Statistical Learning: Data Mining, Inference, and Prediction, Second Edition by Trevor Hastie, Robert Tibshirani, Jerome Friedman},
journal = {International Statistical Review},
volume = {77},
number = {3},
publisher = {Blackwell Publishing Ltd},
issn = {1751-5823},
url = {http://dx.doi.org/10.1111/j.1751-5823.2009.00095_18.x},
doi = {10.1111/j.1751-5823.2009.00095_18.x},
pages = {482--482},
year = {2009},
}

@article{DBLP:journals/corr/VinyalsTBE14,
  author    = {Oriol Vinyals and
               Alexander Toshev and
               Samy Bengio and
               Dumitru Erhan},
  title     = {Show and Tell: {A} Neural Image Caption Generator},
  journal   = {CoRR},
  volume    = {abs/1411.4555},
  year      = {2014},
  url       = {http://arxiv.org/abs/1411.4555},
  timestamp = {Mon, 01 Dec 2014 14:32:13 +0100},
  biburl    = {http://dblp.uni-trier.de/rec/bib/journals/corr/VinyalsTBE14},
  bibsource = {dblp computer science bibliography, http://dblp.org}
}

@article{DBLP:journals/corr/SzegedyLJSRAEVR14,
  author    = {Christian Szegedy and
               Wei Liu and
               Yangqing Jia and
               Pierre Sermanet and
               Scott E. Reed and
               Dragomir Anguelov and
               Dumitru Erhan and
               Vincent Vanhoucke and
               Andrew Rabinovich},
  title     = {Going Deeper with Convolutions},
  journal   = {CoRR},
  volume    = {abs/1409.4842},
  year      = {2014},
  url       = {http://arxiv.org/abs/1409.4842},
  timestamp = {Fri, 08 Apr 2016 07:34:30 +0200},
  biburl    = {http://dblp.uni-trier.de/rec/bib/journals/corr/SzegedyLJSRAEVR14},
  bibsource = {dblp computer science bibliography, http://dblp.org}
}

@article{DBLP:journals/corr/HeZR015,
  author    = {Kaiming He and
               Xiangyu Zhang and
               Shaoqing Ren and
               Jian Sun},
  title     = {Delving Deep into Rectifiers: Surpassing Human-Level Performance on
               ImageNet Classification},
  journal   = {CoRR},
  volume    = {abs/1502.01852},
  year      = {2015},
  url       = {http://arxiv.org/abs/1502.01852},
  timestamp = {Mon, 02 Mar 2015 14:17:34 +0100},
  biburl    = {http://dblp.uni-trier.de/rec/bib/journals/corr/HeZR015},
  bibsource = {dblp computer science bibliography, http://dblp.org}
}

@article{DBLP:journals/corr/IoffeS15,
  author    = {Sergey Ioffe and
               Christian Szegedy},
  title     = {Batch Normalization: Accelerating Deep Network Training by Reducing
               Internal Covariate Shift},
  journal   = {CoRR},
  volume    = {abs/1502.03167},
  year      = {2015},
  url       = {http://arxiv.org/abs/1502.03167},
  timestamp = {Mon, 02 Mar 2015 14:17:34 +0100},
  biburl    = {http://dblp.uni-trier.de/rec/bib/journals/corr/IoffeS15},
  bibsource = {dblp computer science bibliography, http://dblp.org}
}

@INPROCEEDINGS{790410,
author={D. G. Lowe},
booktitle={Computer Vision, 1999. The Proceedings of the Seventh IEEE International Conference on},
title={Object recognition from local scale-invariant features},
year={1999},
volume={2},
pages={1150-1157 vol.2},
doi={10.1109/ICCV.1999.790410},
month={}
}

@article{Sanchez2013,
author="S{\'a}nchez, Jorge
and Perronnin, Florent
and Mensink, Thomas
and Verbeek, Jakob",
title="Image Classification with the Fisher Vector: Theory and Practice",
journal="International Journal of Computer Vision",
year="2013",
volume="105",
number="3",
pages="222--245",
issn="1573-1405",
doi="10.1007/s11263-013-0636-x",
url="http://dx.doi.org/10.1007/s11263-013-0636-x"
}

@article{DBLP:journals/corr/HeZRS15,
  author    = {Kaiming He and
               Xiangyu Zhang and
               Shaoqing Ren and
               Jian Sun},
  title     = {Deep Residual Learning for Image Recognition},
  journal   = {CoRR},
  volume    = {abs/1512.03385},
  year      = {2015},
  url       = {http://arxiv.org/abs/1512.03385},
  timestamp = {Wed, 30 Mar 2016 23:40:00 +0200},
  biburl    = {http://dblp.uni-trier.de/rec/bib/journals/corr/HeZRS15},
  bibsource = {dblp computer science bibliography, http://dblp.org}
}

 @inproceedings{icml2010_NairH10,
    Publisher = {Omnipress},
    Title = {Rectified Linear Units Improve Restricted Boltzmann Machines},
    Url = {http://www.icml2010.org/papers/432.pdf},
    Booktitle = {Proceedings of the 27th International Conference on Machine Learning (ICML-10)},
    Author = {Vinod Nair and Geoffrey E. Hinton},
    Editor = {Johannes Fürnkranz and Thorsten Joachims},
    Year = {2010},
    Pages = {807-814}
   } 

@inproceedings{maas2013rectifier,
  title={Rectifier nonlinearities improve neural network acoustic models},
  author={Maas, Andrew L and Hannun, Awni Y and Ng, Andrew Y}
}

@article{DBLP:journals/corr/XuWCL15,
  author    = {Bing Xu and
               Naiyan Wang and
               Tianqi Chen and
               Mu Li},
  title     = {Empirical Evaluation of Rectified Activations in Convolutional Network},
  journal   = {CoRR},
  volume    = {abs/1505.00853},
  year      = {2015},
  url       = {http://arxiv.org/abs/1505.00853},
  timestamp = {Mon, 01 Jun 2015 14:13:54 +0200},
  biburl    = {http://dblp.uni-trier.de/rec/bib/journals/corr/XuWCL15},
  bibsource = {dblp computer science bibliography, http://dblp.org}
}

@article{goodfellow2013maxout,
  title={Maxout networks},
  author={Goodfellow, Ian J and Warde-Farley, David and Mirza, Mehdi and Courville, Aaron and Bengio, Yoshua},
  journal={arXiv preprint arXiv:1302.4389},
  year={2013}
}

@article{DBLP:journals/corr/abs-1207-0580,
  author    = {Geoffrey E. Hinton and
               Nitish Srivastava and
               Alex Krizhevsky and
               Ilya Sutskever and
               Ruslan Salakhutdinov},
  title     = {Improving neural networks by preventing co-adaptation of feature detectors},
  journal   = {CoRR},
  volume    = {abs/1207.0580},
  year      = {2012},
  url       = {http://arxiv.org/abs/1207.0580},
  timestamp = {Wed, 10 Oct 2012 21:28:53 +0200},
  biburl    = {http://dblp.uni-trier.de/rec/bib/journals/corr/abs-1207-0580},
  bibsource = {dblp computer science bibliography, http://dblp.org}
}

@inproceedings{wang2013fast,
  title={Fast dropout training},
  author={Wang, Sida and Manning, Christopher},
  booktitle={Proceedings of the 30th International Conference on Machine Learning},
  pages={118--126},
  year={2013}
}

@inproceedings{ba2013adaptive,
  title={Adaptive dropout for training deep neural networks},
  author={Ba, Jimmy and Frey, Brendan},
  booktitle={Advances in Neural Information Processing Systems},
  pages={3084--3092},
  year={2013}
}

@article{farabet2013learning,
  title={Learning hierarchical features for scene labeling},
  author={Farabet, Clement and Couprie, Camille and Najman, Laurent and LeCun, Yann},
  journal={Pattern Analysis and Machine Intelligence, IEEE Transactions on},
  volume={35},
  number={8},
  pages={1915--1929},
  year={2013},
  publisher={IEEE}
}

@article{elman1990finding,
  title={Finding structure in time},
  author={Elman, Jeffrey L},
  journal={Cognitive science},
  volume={14},
  number={2},
  pages={179--211},
  year={1990},
  publisher={Elsevier}
}

@article{werbos1990backpropagation,
  title={Backpropagation through time: what it does and how to do it},
  author={Werbos, Paul J},
  journal={Proceedings of the IEEE},
  volume={78},
  number={10},
  pages={1550--1560},
  year={1990},
  publisher={IEEE}
}

@article{bengio1994learning,
  title={Learning long-term dependencies with gradient descent is difficult},
  author={Bengio, Yoshua and Simard, Patrice and Frasconi, Paolo},
  journal={Neural Networks, IEEE Transactions on},
  volume={5},
  number={2},
  pages={157--166},
  year={1994},
  publisher={IEEE}
}

% Optional fields: author, title, howpublished, month, year, note
@MISC{graves2012,
  title={Supervised Sequence Labelling with Recurrent Neural Networks},
  author={Alex Graves},
  publisher={Springer-Verlag Berlin Heidelberg},
  year={2012}
}

@Inproceedings {export:201107,
address      = {Seattle, Washington},
author       = {Michael Auli and Michel Galley and Chris Quirk and Geoffrey Zweig},
booktitle    = {Proceedings of the 2013 Conference on Empirical Methods in Natural Language
                Processing},
month        = {October},
publisher    = {Association for Computational Linguistics},
title        = {Joint Language and Translation Modeling with Recurrent Neural Networks},
url          = {http://research.microsoft.com/apps/pubs/default.aspx?id=201107},
year         = {2013},
}

@article{DBLP:journals/corr/SutskeverVL14,
  author    = {Ilya Sutskever and
               Oriol Vinyals and
               Quoc V. Le},
  title     = {Sequence to Sequence Learning with Neural Networks},
  journal   = {CoRR},
  volume    = {abs/1409.3215},
  year      = {2014},
  url       = {http://arxiv.org/abs/1409.3215},
  timestamp = {Wed, 01 Oct 2014 15:00:04 +0200},
  biburl    = {http://dblp.uni-trier.de/rec/bib/journals/corr/SutskeverVL14},
  bibsource = {dblp computer science bibliography, http://dblp.org}
}

@inproceedings{liwicki2007novel,
  title={A novel approach to on-line handwriting recognition based on bidirectional long short-term memory networks},
  author={Liwicki, Marcus and Graves, Alex and Bunke, Horst and Schmidhuber, J{\"u}rgen}
}

@article{DBLP:journals/corr/SrivastavaMS15,
  author    = {Nitish Srivastava and
               Elman Mansimov and
               Ruslan Salakhutdinov},
  title     = {Unsupervised Learning of Video Representations using LSTMs},
  journal   = {CoRR},
  volume    = {abs/1502.04681},
  year      = {2015},
  url       = {http://arxiv.org/abs/1502.04681},
  timestamp = {Mon, 02 Mar 2015 14:17:34 +0100},
  biburl    = {http://dblp.uni-trier.de/rec/bib/journals/corr/SrivastavaMS15},
  bibsource = {dblp computer science bibliography, http://dblp.org}
}

@article{DBLP:journals/corr/VenugopalanRDMD15,
  author    = {Subhashini Venugopalan and
               Marcus Rohrbach and
               Jeff Donahue and
               Raymond J. Mooney and
               Trevor Darrell and
               Kate Saenko},
  title     = {Sequence to Sequence - Video to Text},
  journal   = {CoRR},
  volume    = {abs/1505.00487},
  year      = {2015},
  url       = {http://arxiv.org/abs/1505.00487},
  timestamp = {Mon, 01 Jun 2015 14:13:54 +0200},
  biburl    = {http://dblp.uni-trier.de/rec/bib/journals/corr/VenugopalanRDMD15},
  bibsource = {dblp computer science bibliography, http://dblp.org}
}


@article{DBLP:journals/corr/ZarembaS14,
  author    = {Wojciech Zaremba and
               Ilya Sutskever},
  title     = {Learning to Execute},
  journal   = {CoRR},
  volume    = {abs/1410.4615},
  year      = {2014},
  url       = {http://arxiv.org/abs/1410.4615},
  timestamp = {Sun, 02 Nov 2014 11:25:59 +0100},
  biburl    = {http://dblp.uni-trier.de/rec/bib/journals/corr/ZarembaS14},
  bibsource = {dblp computer science bibliography, http://dblp.org}
}

